@article{Salazar,
	author = "Augusto Salazar",
	title = "{Nociones de la memoria del computador}. ({Colombia})",
	keywords = "computer"
}
